<?xml version='1.0' encoding='utf-8'?>
<record xmlns="http://www.loc.gov/MARC21/slim" xmlns:xsi="http://www.w3.org/2001/XMLSchema-instance">
  <leader>00000cgm^a2200505^a^45x0</leader>
  <controlfield tag="001">004954090</controlfield>
  <controlfield tag="005">20060707151508.0</controlfield>
  <controlfield tag="007">vd^mvaizq</controlfield>
  <controlfield tag="008">040720s2004^^^^cau122^e^^^^^^^^^^vleng^d</controlfield>
  <datafield tag="020" ind1=" " ind2=" ">
    <subfield code="a">1404968474</subfield>
  </datafield>
  <datafield tag="024" ind1="1" ind2=" ">
    <subfield code="a">043396086708</subfield>
  </datafield>
  <datafield tag="028" ind1="4" ind2="2">
    <subfield code="a">08670</subfield>
    <subfield code="b">Columbia TriStar Home Entertainment</subfield>
  </datafield>
  <datafield tag="035" ind1=" " ind2=" ">
    <subfield code="a">(OCoLC)ocm55977511</subfield>
  </datafield>
  <datafield tag="040" ind1=" " ind2=" ">
    <subfield code="a">TEFMT</subfield>
    <subfield code="c">TEFMT</subfield>
    <subfield code="d">TEF</subfield>
    <subfield code="d">MiU-H</subfield>
  </datafield>
  <datafield tag="245" ind1="0" ind2="0">
    <subfield code="a">Fahrenheit 9/11</subfield>
    <subfield code="h">[videorecording] /</subfield>
    <subfield code="c">Lions Gate Films and IFC Films and The Fellowship Adventure Group present a Dog Eat Dog Films production, a film by Michael Moore ; producers, Jim Czarnecki, Kathleen Glynn ; written, produced and directed by Michael Moore.</subfield>
  </datafield>
  <datafield tag="246" ind1="3" ind2=" ">
    <subfield code="a">Fahrenheit nine/eleven</subfield>
  </datafield>
  <datafield tag="246" ind1="3" ind2=" ">
    <subfield code="a">Fahrenheit nine one one</subfield>
  </datafield>
  <datafield tag="260" ind1=" " ind2=" ">
    <subfield code="a">Culver City, Calif. :</subfield>
    <subfield code="b">Columbia TriStar Home Entertainment,</subfield>
    <subfield code="c">c2004.</subfield>
  </datafield>
  <datafield tag="300" ind1=" " ind2=" ">
    <subfield code="a">1 videodisc (122 min.) :</subfield>
    <subfield code="b">sd., col. with b&amp;w sequences ;</subfield>
    <subfield code="c">4 3/4 in.</subfield>
  </datafield>
  <datafield tag="538" ind1=" " ind2=" ">
    <subfield code="a">DVD, region 1, widescreen (1.78:1) presentation; Dolby Digital 5.1, mastered in high definition.</subfield>
  </datafield>
  <datafield tag="546" ind1=" " ind2=" ">
    <subfield code="a">Closed-captioned.</subfield>
  </datafield>
  <datafield tag="511" ind1="1" ind2=" ">
    <subfield code="a">Michael Moore, James Baker, Al Gore, Tom Dashle, George W. Bush, Condoleezza Rice, Byron Dorgan, Craig Unger, Jack Cloonan, James Moore, Dan Briody, Carol Ashley, Thomas H. Kean, Rosemary Dillard, Richard Clarke, Martha Brill Olcott, Jim McDermott, Porter Goss, John Conyers, Tammy Baldwin, Lila Lipscomb.</subfield>
  </datafield>
  <datafield tag="508" ind1=" " ind2=" ">
    <subfield code="a">Camera, Mike Desjarlais ; editors, Kurt Engfehr, Christopher Seward, T. Woody Richman ; music, Jeff Gibbs.</subfield>
  </datafield>
  <datafield tag="521" ind1="8" ind2=" ">
    <subfield code="a">MPAA rating: R; for some violent and disturbing images, and for language.</subfield>
  </datafield>
  <datafield tag="520" ind1=" " ind2=" ">
    <subfield code="a">Through actual footage, interviews, and declassified documents, Michael Moore illustrates the connections President Bush has to the royal house of Saud of Saudia Arabia and the bin Laden's, how the president got elected on fraudulent circumstances and then proceeded to blunder through his duties while ignoring warnings of the looming betrayal by his foreign partners. When the treachery hits with the 9/11 attacks, Moore explains how Bush failed to take immediate action to defend the nation.</subfield>
  </datafield>
  <datafield tag="500" ind1=" " ind2=" ">
    <subfield code="a">Special features: "The release of 'Fahrenheit 9/11'" featurette; montage: the people of Iraq on the eve of invasion; new scene: Homeland Security, Miami style; outside Abu Ghraib Prison; Eyewitness account from Samara, Iraq; Extended interview with Abdul Henderson; Ella Lipscomb at the Washington, D.C. premiere; Arab-American comediens - their acts and experiences after 9/11; Condoleezza Rice's 9/11 Commission Testimony; Rose Garden press briefing after 9/11 Commission appearance.</subfield>
  </datafield>
  <datafield tag="600" ind1="1" ind2="0">
    <subfield code="a">Bush, George W.</subfield>
    <subfield code="q">(George Walker),</subfield>
    <subfield code="d">1946-</subfield>
  </datafield>
  <datafield tag="651" ind1=" " ind2="0">
    <subfield code="a">United States</subfield>
    <subfield code="x">Politics and government</subfield>
    <subfield code="y">2001-</subfield>
  </datafield>
  <datafield tag="650" ind1=" " ind2="0">
    <subfield code="a">September 11 Terrorist Attacks, 2001.</subfield>
  </datafield>
  <datafield tag="650" ind1=" " ind2="0">
    <subfield code="a">Contested elections.</subfield>
  </datafield>
  <datafield tag="655" ind1=" " ind2="0">
    <subfield code="a">Documentary films.</subfield>
  </datafield>
  <datafield tag="655" ind1=" " ind2="0">
    <subfield code="a">Video recordings for the hearing impaired.</subfield>
  </datafield>
  <datafield tag="655" ind1=" " ind2="7">
    <subfield code="a">DVDs.</subfield>
    <subfield code="2">aat</subfield>
  </datafield>
  <datafield tag="700" ind1="1" ind2=" ">
    <subfield code="a">Moore, Michael,</subfield>
    <subfield code="d">1954 April 23-</subfield>
  </datafield>
  <datafield tag="700" ind1="1" ind2=" ">
    <subfield code="a">Baker, James Addison,</subfield>
    <subfield code="d">1930-</subfield>
  </datafield>
  <datafield tag="700" ind1="1" ind2=" ">
    <subfield code="a">Gore, Al,</subfield>
    <subfield code="d">1948-</subfield>
  </datafield>
  <datafield tag="700" ind1="1" ind2=" ">
    <subfield code="a">Dashle, Tom.</subfield>
  </datafield>
  <datafield tag="700" ind1="1" ind2=" ">
    <subfield code="a">Bush, George W.</subfield>
    <subfield code="q">(George Walker),</subfield>
    <subfield code="d">1946-</subfield>
  </datafield>
  <datafield tag="700" ind1="1" ind2=" ">
    <subfield code="a">Rice, Condoleezza,</subfield>
    <subfield code="d">1954-</subfield>
  </datafield>
  <datafield tag="700" ind1="1" ind2=" ">
    <subfield code="a">Desjarlais, Mike.</subfield>
  </datafield>
  <datafield tag="700" ind1="1" ind2=" ">
    <subfield code="a">Gibbs, Jeff.</subfield>
  </datafield>
  <datafield tag="710" ind1="2" ind2=" ">
    <subfield code="a">Columbia TriStar Home Entertainment (Firm)</subfield>
  </datafield>
  <datafield tag="852" ind1="8" ind2=" ">
    <subfield code="a">MiU-H</subfield>
    <subfield code="b">BENT</subfield>
    <subfield code="h">0538 Aa 2</subfield>
  </datafield>
  <datafield tag="997" ind1=" " ind2=" ">
    <subfield code="a">MARS</subfield>
  </datafield>
  <datafield tag="998" ind1=" " ind2=" ">
    <subfield code="c">LAC</subfield>
  </datafield>
  <datafield tag="955" ind1=" " ind2=" ">
    <subfield code="b">BENT</subfield>
    <subfield code="p">B2264067</subfield>
  </datafield>
</record>
